<?xml version="1.0" encoding="UTF-8"?><record xmlns="http://www.loc.gov/MARC21/slim" xmlns:cinclude="http://apache.org/cocoon/include/1.0" xmlns:zs="http://www.loc.gov/zing/srw/">
  <leader>00557cz  a2200157n  4500</leader>
  <controlfield tag="001">nr2003023377</controlfield>
  <controlfield tag="003">DLC</controlfield>
  <controlfield tag="005">20031106033148.0</controlfield>
  <controlfield tag="008">030717n| acannaabn          |a aaa     c</controlfield>
  <datafield tag="010" ind1=" " ind2=" ">
    <subfield code="a">nr2003023377</subfield>
  </datafield>
  <datafield tag="040" ind1=" " ind2=" ">
    <subfield code="a">NNMM</subfield>
    <subfield code="b">eng</subfield>
    <subfield code="c">NNMM</subfield>
    <subfield code="d">NNMM</subfield>
  </datafield>
  <datafield tag="100" ind1="1" ind2=" ">
    <subfield code="a">Aranđelović-Lazić, Jelena</subfield>
  </datafield>
  <datafield tag="400" ind1="1" ind2=" ">
    <subfield code="a">Lazić, Jelena Aranđelović-</subfield>
  </datafield>
  <datafield tag="400" ind1="1" ind2=" ">
    <subfield code="a">Arandjelović-Lazić, Jelena</subfield>
  </datafield>
  <datafield tag="670" ind1=" " ind2=" ">
    <subfield code="a">Nakit : afričke nakit, 1984:</subfield>
    <subfield code="b">t.p. (Jelena Aranđelović-Lazić)</subfield>
  </datafield>
  <datafield tag="670" ind1=" " ind2=" ">
    <subfield code="a">RLIN, Oct. 23, 2003</subfield>
    <subfield code="b">(hdg.: Arandjelović-Lazić, Jelena; usage: Jelena Arandjelović-Lazić)</subfield>
  </datafield>
</record>